%YAML 1.1
%TAG !u! tag:unity3d.com,2011:
--- !u!1 &100320
GameObject:
  m_ObjectHideFlags: 0
  m_PrefabParentObject: {fileID: 0}
  m_PrefabInternal: {fileID: 100100000}
  serializedVersion: 4
  m_Component:
  - 4: {fileID: 441984}
  - 137: {fileID: 13709736}
  m_Layer: 0
  m_Name: astronaut
  m_TagString: Untagged
  m_Icon: {fileID: 0}
  m_NavMeshLayer: 0
  m_StaticEditorFlags: 0
  m_IsActive: 1
--- !u!1 &100742
GameObject:
  m_ObjectHideFlags: 1
  m_PrefabParentObject: {fileID: 0}
  m_PrefabInternal: {fileID: 100100000}
  serializedVersion: 4
  m_Component:
  - 4: {fileID: 451642}
  m_Layer: 0
  m_Name: DEF-hip
  m_TagString: Untagged
  m_Icon: {fileID: 0}
  m_NavMeshLayer: 0
  m_StaticEditorFlags: 0
  m_IsActive: 1
--- !u!1 &101406
GameObject:
  m_ObjectHideFlags: 1
  m_PrefabParentObject: {fileID: 0}
  m_PrefabInternal: {fileID: 100100000}
  serializedVersion: 4
  m_Component:
  - 4: {fileID: 442050}
  m_Layer: 0
  m_Name: DEF-finger_R
  m_TagString: Untagged
  m_Icon: {fileID: 0}
  m_NavMeshLayer: 0
  m_StaticEditorFlags: 0
  m_IsActive: 1
--- !u!1 &101926
GameObject:
  m_ObjectHideFlags: 1
  m_PrefabParentObject: {fileID: 0}
  m_PrefabInternal: {fileID: 100100000}
  serializedVersion: 4
  m_Component:
  - 4: {fileID: 410364}
  m_Layer: 0
  m_Name: DEF-arm_L
  m_TagString: Untagged
  m_Icon: {fileID: 0}
  m_NavMeshLayer: 0
  m_StaticEditorFlags: 0
  m_IsActive: 1
--- !u!1 &122982
GameObject:
  m_ObjectHideFlags: 1
  m_PrefabParentObject: {fileID: 0}
  m_PrefabInternal: {fileID: 100100000}
  serializedVersion: 4
  m_Component:
  - 4: {fileID: 488102}
  m_Layer: 0
  m_Name: DEF-upperArm_R
  m_TagString: Untagged
  m_Icon: {fileID: 0}
  m_NavMeshLayer: 0
  m_StaticEditorFlags: 0
  m_IsActive: 1
--- !u!1 &123742
GameObject:
  m_ObjectHideFlags: 1
  m_PrefabParentObject: {fileID: 0}
  m_PrefabInternal: {fileID: 100100000}
  serializedVersion: 4
  m_Component:
  - 4: {fileID: 486690}
  m_Layer: 0
  m_Name: DEF-foot_L
  m_TagString: Untagged
  m_Icon: {fileID: 0}
  m_NavMeshLayer: 0
  m_StaticEditorFlags: 0
  m_IsActive: 1
--- !u!1 &124146
GameObject:
  m_ObjectHideFlags: 1
  m_PrefabParentObject: {fileID: 0}
  m_PrefabInternal: {fileID: 100100000}
  serializedVersion: 4
  m_Component:
  - 4: {fileID: 450802}
  m_Layer: 0
  m_Name: DEF-finger_L
  m_TagString: Untagged
  m_Icon: {fileID: 0}
  m_NavMeshLayer: 0
  m_StaticEditorFlags: 0
  m_IsActive: 1
--- !u!1 &130796
GameObject:
  m_ObjectHideFlags: 1
  m_PrefabParentObject: {fileID: 0}
  m_PrefabInternal: {fileID: 100100000}
  serializedVersion: 4
  m_Component:
  - 4: {fileID: 485666}
  m_Layer: 0
  m_Name: DEF-leg_L
  m_TagString: Untagged
  m_Icon: {fileID: 0}
  m_NavMeshLayer: 0
  m_StaticEditorFlags: 0
  m_IsActive: 1
--- !u!1 &139190
GameObject:
  m_ObjectHideFlags: 1
  m_PrefabParentObject: {fileID: 0}
  m_PrefabInternal: {fileID: 100100000}
  serializedVersion: 4
  m_Component:
  - 4: {fileID: 412796}
  m_Layer: 0
  m_Name: GO
  m_TagString: Untagged
  m_Icon: {fileID: 0}
  m_NavMeshLayer: 0
  m_StaticEditorFlags: 0
  m_IsActive: 1
--- !u!1 &140542
GameObject:
  m_ObjectHideFlags: 1
  m_PrefabParentObject: {fileID: 0}
  m_PrefabInternal: {fileID: 100100000}
  serializedVersion: 4
  m_Component:
  - 4: {fileID: 401038}
  m_Layer: 0
  m_Name: DEF-foot_R
  m_TagString: Untagged
  m_Icon: {fileID: 0}
  m_NavMeshLayer: 0
  m_StaticEditorFlags: 0
  m_IsActive: 1
--- !u!1 &143186
GameObject:
  m_ObjectHideFlags: 1
  m_PrefabParentObject: {fileID: 0}
  m_PrefabInternal: {fileID: 100100000}
  serializedVersion: 4
  m_Component:
  - 4: {fileID: 418828}
  m_Layer: 0
  m_Name: DEF-leg_R
  m_TagString: Untagged
  m_Icon: {fileID: 0}
  m_NavMeshLayer: 0
  m_StaticEditorFlags: 0
  m_IsActive: 1
--- !u!1 &144404
GameObject:
  m_ObjectHideFlags: 1
  m_PrefabParentObject: {fileID: 0}
  m_PrefabInternal: {fileID: 100100000}
  serializedVersion: 4
  m_Component:
  - 4: {fileID: 409586}
  m_Layer: 0
  m_Name: DEF-upperArm_L
  m_TagString: Untagged
  m_Icon: {fileID: 0}
  m_NavMeshLayer: 0
  m_StaticEditorFlags: 0
  m_IsActive: 1
--- !u!1 &145728
GameObject:
  m_ObjectHideFlags: 1
  m_PrefabParentObject: {fileID: 0}
  m_PrefabInternal: {fileID: 100100000}
  serializedVersion: 4
  m_Component:
  - 4: {fileID: 461506}
  m_Layer: 0
  m_Name: flag
  m_TagString: Untagged
  m_Icon: {fileID: 0}
  m_NavMeshLayer: 0
  m_StaticEditorFlags: 0
  m_IsActive: 1
--- !u!1 &153074
GameObject:
  m_ObjectHideFlags: 1
  m_PrefabParentObject: {fileID: 0}
  m_PrefabInternal: {fileID: 100100000}
  serializedVersion: 4
  m_Component:
  - 4: {fileID: 468060}
  m_Layer: 0
  m_Name: DEF-upperLeg_L
  m_TagString: Untagged
  m_Icon: {fileID: 0}
  m_NavMeshLayer: 0
  m_StaticEditorFlags: 0
  m_IsActive: 1
--- !u!1 &156102
GameObject:
  m_ObjectHideFlags: 1
  m_PrefabParentObject: {fileID: 0}
  m_PrefabInternal: {fileID: 100100000}
  serializedVersion: 4
  m_Component:
  - 4: {fileID: 471584}
  m_Layer: 0
  m_Name: DEF-clavicle_L
  m_TagString: Untagged
  m_Icon: {fileID: 0}
  m_NavMeshLayer: 0
  m_StaticEditorFlags: 0
  m_IsActive: 1
--- !u!1 &156230
GameObject:
  m_ObjectHideFlags: 0
  m_PrefabParentObject: {fileID: 0}
  m_PrefabInternal: {fileID: 100100000}
  serializedVersion: 4
  m_Component:
  - 4: {fileID: 414640}
  - 95: {fileID: 9557920}
  m_Layer: 0
  m_Name: astronaut
  m_TagString: Untagged
  m_Icon: {fileID: 0}
  m_NavMeshLayer: 0
  m_StaticEditorFlags: 0
  m_IsActive: 1
--- !u!1 &165670
GameObject:
  m_ObjectHideFlags: 1
  m_PrefabParentObject: {fileID: 0}
  m_PrefabInternal: {fileID: 100100000}
  serializedVersion: 4
  m_Component:
  - 4: {fileID: 443130}
  m_Layer: 0
  m_Name: DEF-hand_L
  m_TagString: Untagged
  m_Icon: {fileID: 0}
  m_NavMeshLayer: 0
  m_StaticEditorFlags: 0
  m_IsActive: 1
--- !u!1 &166018
GameObject:
  m_ObjectHideFlags: 1
  m_PrefabParentObject: {fileID: 0}
  m_PrefabInternal: {fileID: 100100000}
  serializedVersion: 4
  m_Component:
  - 4: {fileID: 448826}
  m_Layer: 0
  m_Name: DEF-spine
  m_TagString: Untagged
  m_Icon: {fileID: 0}
  m_NavMeshLayer: 0
  m_StaticEditorFlags: 0
  m_IsActive: 1
--- !u!1 &166998
GameObject:
  m_ObjectHideFlags: 1
  m_PrefabParentObject: {fileID: 0}
  m_PrefabInternal: {fileID: 100100000}
  serializedVersion: 4
  m_Component:
  - 4: {fileID: 484544}
  m_Layer: 0
  m_Name: DEF-clavicle_R
  m_TagString: Untagged
  m_Icon: {fileID: 0}
  m_NavMeshLayer: 0
  m_StaticEditorFlags: 0
  m_IsActive: 1
--- !u!1 &168190
GameObject:
  m_ObjectHideFlags: 1
  m_PrefabParentObject: {fileID: 0}
  m_PrefabInternal: {fileID: 100100000}
  serializedVersion: 4
  m_Component:
  - 4: {fileID: 432078}
  m_Layer: 0
  m_Name: GOO
  m_TagString: Untagged
  m_Icon: {fileID: 0}
  m_NavMeshLayer: 0
  m_StaticEditorFlags: 0
  m_IsActive: 1
--- !u!1 &172022
GameObject:
  m_ObjectHideFlags: 1
  m_PrefabParentObject: {fileID: 0}
  m_PrefabInternal: {fileID: 100100000}
  serializedVersion: 4
  m_Component:
  - 4: {fileID: 487602}
  m_Layer: 0
  m_Name: DEF-arm_R
  m_TagString: Untagged
  m_Icon: {fileID: 0}
  m_NavMeshLayer: 0
  m_StaticEditorFlags: 0
  m_IsActive: 1
--- !u!1 &172976
GameObject:
  m_ObjectHideFlags: 0
  m_PrefabParentObject: {fileID: 0}
  m_PrefabInternal: {fileID: 100100000}
  serializedVersion: 4
  m_Component:
  - 4: {fileID: 453074}
  m_Layer: 0
  m_Name: Armature
  m_TagString: Untagged
  m_Icon: {fileID: 0}
  m_NavMeshLayer: 0
  m_StaticEditorFlags: 0
  m_IsActive: 1
--- !u!1 &179522
GameObject:
  m_ObjectHideFlags: 1
  m_PrefabParentObject: {fileID: 0}
  m_PrefabInternal: {fileID: 100100000}
  serializedVersion: 4
  m_Component:
  - 4: {fileID: 433140}
  m_Layer: 0
  m_Name: DEF-upperLeg_R
  m_TagString: Untagged
  m_Icon: {fileID: 0}
  m_NavMeshLayer: 0
  m_StaticEditorFlags: 0
  m_IsActive: 1
--- !u!1 &191184
GameObject:
  m_ObjectHideFlags: 1
  m_PrefabParentObject: {fileID: 0}
  m_PrefabInternal: {fileID: 100100000}
  serializedVersion: 4
  m_Component:
  - 4: {fileID: 487778}
  m_Layer: 0
  m_Name: DEF-chest
  m_TagString: Untagged
  m_Icon: {fileID: 0}
  m_NavMeshLayer: 0
  m_StaticEditorFlags: 0
  m_IsActive: 1
--- !u!1 &192702
GameObject:
  m_ObjectHideFlags: 1
  m_PrefabParentObject: {fileID: 0}
  m_PrefabInternal: {fileID: 100100000}
  serializedVersion: 4
  m_Component:
  - 4: {fileID: 413362}
  m_Layer: 0
  m_Name: DEF-head
  m_TagString: Untagged
  m_Icon: {fileID: 0}
  m_NavMeshLayer: 0
  m_StaticEditorFlags: 0
  m_IsActive: 1
--- !u!1 &195374
GameObject:
  m_ObjectHideFlags: 0
  m_PrefabParentObject: {fileID: 0}
  m_PrefabInternal: {fileID: 100100000}
  serializedVersion: 4
  m_Component:
  - 4: {fileID: 467640}
  - 137: {fileID: 13755098}
  m_Layer: 0
  m_Name: flags
  m_TagString: Untagged
  m_Icon: {fileID: 0}
  m_NavMeshLayer: 0
  m_StaticEditorFlags: 0
  m_IsActive: 1
--- !u!1 &196294
GameObject:
  m_ObjectHideFlags: 1
  m_PrefabParentObject: {fileID: 0}
  m_PrefabInternal: {fileID: 100100000}
  serializedVersion: 4
  m_Component:
  - 4: {fileID: 441686}
  m_Layer: 0
  m_Name: DEF-hand_R
  m_TagString: Untagged
  m_Icon: {fileID: 0}
  m_NavMeshLayer: 0
  m_StaticEditorFlags: 0
  m_IsActive: 1
--- !u!4 &401038
Transform:
  m_ObjectHideFlags: 1
  m_PrefabParentObject: {fileID: 0}
  m_PrefabInternal: {fileID: 100100000}
  m_GameObject: {fileID: 140542}
  m_LocalRotation: {x: 0.79184437, y: -0.010479524, z: 0.61062473, w: -0.003180787}
  m_LocalPosition: {x: -0.0013516829, y: 5.646143e-11, z: -1.862645e-11}
  m_LocalScale: {x: 0.99797666, y: 0.9974971, z: 1.0045482}
  m_LocalEulerAnglesHint: {x: 0.4447, y: 104.7299, z: -178.8264}
  m_Children:
  - {fileID: 442050}
  m_Father: {fileID: 418828}
  m_RootOrder: 0
--- !u!4 &409586
Transform:
  m_ObjectHideFlags: 1
  m_PrefabParentObject: {fileID: 0}
  m_PrefabInternal: {fileID: 100100000}
  m_GameObject: {fileID: 144404}
  m_LocalRotation: {x: 0.72048277, y: -0.3518901, z: 0.35343596, w: 0.48183087}
  m_LocalPosition: {x: -0.0033385023, y: 1.44355e-10, z: 6.449409e-10}
  m_LocalScale: {x: 1, y: 1.0000001, z: 0.9999999}
  m_LocalEulerAnglesHint: {x: 70.569, y: 149.2313, z: -149.9735}
  m_Children:
  - {fileID: 410364}
  m_Father: {fileID: 471584}
  m_RootOrder: 0
--- !u!4 &410364
Transform:
  m_ObjectHideFlags: 1
  m_PrefabParentObject: {fileID: 0}
  m_PrefabInternal: {fileID: 100100000}
  m_GameObject: {fileID: 101926}
  m_LocalRotation: {x: 0.000000016670812, y: 0.25816023, z: 0.0000000097642605, w: 0.9661021}
  m_LocalPosition: {x: -0.0020886199, y: 4.33065e-10, z: -9.313225e-11}
  m_LocalScale: {x: 0.99999964, y: 1, z: 0.99999976}
  m_LocalEulerAnglesHint: {x: 0, y: 29.921799, z: 0}
  m_Children:
  - {fileID: 443130}
  m_Father: {fileID: 409586}
  m_RootOrder: 0
--- !u!4 &412796
Transform:
  m_ObjectHideFlags: 1
  m_PrefabParentObject: {fileID: 0}
  m_PrefabInternal: {fileID: 100100000}
  m_GameObject: {fileID: 139190}
  m_LocalRotation: {x: 0.7071068, y: 0.7071067, z: 0.00000009415696, w: 0.00000009415697}
  m_LocalPosition: {x: 0, y: 0, z: 0}
  m_LocalScale: {x: 1, y: 1, z: 1}
  m_LocalEulerAnglesHint: {x: 0, y: -180, z: 90}
  m_Children:
  - {fileID: 432078}
  m_Father: {fileID: 453074}
  m_RootOrder: 6
--- !u!4 &413362
Transform:
  m_ObjectHideFlags: 1
  m_PrefabParentObject: {fileID: 0}
  m_PrefabInternal: {fileID: 100100000}
  m_GameObject: {fileID: 192702}
  m_LocalRotation: {x: 0.9975772, y: -0.00000004617753, z: -0.06956853, w: -0.00000026759915}
  m_LocalPosition: {x: -0.0028619897, y: 2.1607427e-10, z: 7.4505783e-11}
  m_LocalScale: {x: 1.0000002, y: 1.0000001, z: 1.0000001}
  m_LocalEulerAnglesHint: {x: 0, y: -172.02159, z: -180}
  m_Children: []
  m_Father: {fileID: 487778}
  m_RootOrder: 0
--- !u!4 &414640
Transform:
  m_ObjectHideFlags: 1
  m_PrefabParentObject: {fileID: 0}
  m_PrefabInternal: {fileID: 100100000}
  m_GameObject: {fileID: 156230}
  m_LocalRotation: {x: 0, y: 0, z: 0, w: 1}
  m_LocalPosition: {x: 0, y: 0, z: 0}
  m_LocalScale: {x: 1, y: 1, z: 1}
  m_LocalEulerAnglesHint: {x: 0, y: 0, z: 0}
  m_Children:
  - {fileID: 453074}
  - {fileID: 441984}
  - {fileID: 467640}
  m_Father: {fileID: 0}
  m_RootOrder: 0
--- !u!4 &418828
Transform:
  m_ObjectHideFlags: 1
  m_PrefabParentObject: {fileID: 0}
  m_PrefabInternal: {fileID: 100100000}
  m_GameObject: {fileID: 143186}
  m_LocalRotation: {x: 0.967859, y: 0.0006214333, z: 0.2514927, w: 0.00016540433}
  m_LocalPosition: {x: -0.0016791059, y: 2.9394872e-11, z: -8.731149e-11}
  m_LocalScale: {x: 0.99738264, y: 1.0006459, z: 1.0019883}
  m_LocalEulerAnglesHint: {x: 0.0004, y: 150.8683, z: 179.9263}
  m_Children:
  - {fileID: 401038}
  m_Father: {fileID: 433140}
  m_RootOrder: 0
--- !u!4 &432078
Transform:
  m_ObjectHideFlags: 1
  m_PrefabParentObject: {fileID: 0}
  m_PrefabInternal: {fileID: 100100000}
  m_GameObject: {fileID: 168190}
  m_LocalRotation: {x: -0.00000044505066, y: 3.359759e-14, z: 1.4952629e-20, w: 1}
  m_LocalPosition: {x: 0, y: 0, z: 0}
  m_LocalScale: {x: 1, y: 1, z: 1}
  m_LocalEulerAnglesHint: {x: 0, y: 0, z: 0}
  m_Children:
  - {fileID: 461506}
  m_Father: {fileID: 412796}
  m_RootOrder: 0
--- !u!4 &433140
Transform:
  m_ObjectHideFlags: 1
  m_PrefabParentObject: {fileID: 0}
  m_PrefabInternal: {fileID: 100100000}
  m_GameObject: {fileID: 179522}
  m_LocalRotation: {x: 0.46411186, y: -0.4583694, z: 0.52823704, w: 0.5435654}
  m_LocalPosition: {x: 0.00211547, y: 0.00009783514, z: 0.0044110734}
  m_LocalScale: {x: 0.99628365, y: 1.0018632, z: 1.0018634}
  m_LocalEulerAnglesHint: {x: 81.4189, y: -3.0677998, z: 85.7215}
  m_Children:
  - {fileID: 418828}
  m_Father: {fileID: 453074}
  m_RootOrder: 5
--- !u!4 &441686
Transform:
  m_ObjectHideFlags: 1
  m_PrefabParentObject: {fileID: 0}
  m_PrefabInternal: {fileID: 100100000}
  m_GameObject: {fileID: 196294}
  m_LocalRotation: {x: -0.27406067, y: -0.12332483, z: -0.052232318, w: 0.9523411}
  m_LocalPosition: {x: -0.0023202128, y: 8.58563e-11, z: -1.862645e-10}
  m_LocalScale: {x: 1, y: 1, z: 1}
  m_LocalEulerAnglesHint: {x: -32.3359, y: -14.1299, z: -2.1629999}
  m_Children: []
  m_Father: {fileID: 487602}
  m_RootOrder: 0
--- !u!4 &441984
Transform:
  m_ObjectHideFlags: 1
  m_PrefabParentObject: {fileID: 0}
  m_PrefabInternal: {fileID: 100100000}
  m_GameObject: {fileID: 100320}
  m_LocalRotation: {x: 0, y: 0, z: 0, w: 1}
  m_LocalPosition: {x: 0, y: 0, z: 0}
  m_LocalScale: {x: 1, y: 1, z: 1}
  m_LocalEulerAnglesHint: {x: 0, y: 0, z: 0}
  m_Children: []
  m_Father: {fileID: 414640}
  m_RootOrder: 1
--- !u!4 &442050
Transform:
  m_ObjectHideFlags: 1
  m_PrefabParentObject: {fileID: 0}
  m_PrefabInternal: {fileID: 100100000}
  m_GameObject: {fileID: 101406}
  m_LocalRotation: {x: -0.0000004544768, y: 0.18187615, z: 0.00000007448756, w: 0.9833215}
  m_LocalPosition: {x: -0.0019947113, y: 1.556999e-10, z: -1.092921e-11}
  m_LocalScale: {x: 1, y: 1, z: 1}
  m_LocalEulerAnglesHint: {x: 0, y: 20.9581, z: 0}
  m_Children: []
  m_Father: {fileID: 401038}
  m_RootOrder: 0
--- !u!4 &443130
Transform:
  m_ObjectHideFlags: 1
  m_PrefabParentObject: {fileID: 0}
  m_PrefabInternal: {fileID: 100100000}
  m_GameObject: {fileID: 165670}
  m_LocalRotation: {x: 0.27406067, y: -0.123324856, z: 0.05223233, w: 0.9523411}
  m_LocalPosition: {x: -0.002320213, y: 4.9811205e-10, z: 1.3969838e-10}
  m_LocalScale: {x: 1, y: 0.99999994, z: 0.9999999}
  m_LocalEulerAnglesHint: {x: 32.3359, y: -14.1299, z: 2.1629}
  m_Children: []
  m_Father: {fileID: 410364}
  m_RootOrder: 0
--- !u!4 &448826
Transform:
  m_ObjectHideFlags: 1
  m_PrefabParentObject: {fileID: 0}
  m_PrefabInternal: {fileID: 100100000}
  m_GameObject: {fileID: 166018}
  m_LocalRotation: {x: 0.47878894, y: 0.4787894, z: -0.5203467, w: 0.5203472}
  m_LocalPosition: {x: 1.293114e-10, y: -0.00011640161, z: 0.0058455863}
  m_LocalScale: {x: 0.9999999, y: 0.9990071, z: 0.9989926}
  m_LocalEulerAnglesHint: {x: 85.236496, y: 0.00059999997, z: -89.9994}
  m_Children:
  - {fileID: 487778}
  m_Father: {fileID: 453074}
  m_RootOrder: 3
--- !u!4 &450802
Transform:
  m_ObjectHideFlags: 1
  m_PrefabParentObject: {fileID: 0}
  m_PrefabInternal: {fileID: 100100000}
  m_GameObject: {fileID: 124146}
  m_LocalRotation: {x: -0.00000025264555, y: 0.18187615, z: 0.00000006138207, w: 0.9833215}
  m_LocalPosition: {x: -0.001994711, y: 2.7263924e-10, z: 6.35766e-11}
  m_LocalScale: {x: 1, y: 1, z: 1}
  m_LocalEulerAnglesHint: {x: 0, y: 20.9581, z: 0}
  m_Children: []
  m_Father: {fileID: 486690}
  m_RootOrder: 0
--- !u!4 &451642
Transform:
  m_ObjectHideFlags: 1
  m_PrefabParentObject: {fileID: 0}
  m_PrefabInternal: {fileID: 100100000}
  m_GameObject: {fileID: 100742}
  m_LocalRotation: {x: 0.5184965, y: -0.5184887, z: 0.48080027, w: 0.48079303}
  m_LocalPosition: {x: 1.4901153e-10, y: -0.00011640161, z: 0.0058455863}
  m_LocalScale: {x: 1.0001062, y: 1.0266179, z: 1.0000018}
  m_LocalEulerAnglesHint: {x: 85.6794, y: 179.9886, z: -90.0115}
  m_Children: []
  m_Father: {fileID: 453074}
  m_RootOrder: 2
--- !u!4 &453074
Transform:
  m_ObjectHideFlags: 1
  m_PrefabParentObject: {fileID: 0}
  m_PrefabInternal: {fileID: 100100000}
  m_GameObject: {fileID: 172976}
  m_LocalRotation: {x: -0.7071068, y: 0, z: -0, w: 0.7071068}
  m_LocalPosition: {x: 0, y: 0, z: 0}
  m_LocalScale: {x: 100, y: 100, z: 100}
  m_LocalEulerAnglesHint: {x: -90, y: 0, z: 0}
  m_Children:
  - {fileID: 471584}
  - {fileID: 484544}
  - {fileID: 451642}
  - {fileID: 448826}
  - {fileID: 468060}
  - {fileID: 433140}
  - {fileID: 412796}
  m_Father: {fileID: 414640}
  m_RootOrder: 0
--- !u!4 &461506
Transform:
  m_ObjectHideFlags: 1
  m_PrefabParentObject: {fileID: 0}
  m_PrefabInternal: {fileID: 100100000}
  m_GameObject: {fileID: 145728}
  m_LocalRotation: {x: 0.003454941, y: -0.60279536, z: -0.004476075, w: 0.7978758}
  m_LocalPosition: {x: -0.006465882, y: 0.0001322079, z: 0.0000420238}
  m_LocalScale: {x: 1.00464, y: 1.00464, z: 1.0046399}
  m_LocalEulerAnglesHint: {x: 0.0067, y: -74.1421, z: -0.6479}
  m_Children: []
  m_Father: {fileID: 432078}
  m_RootOrder: 0
--- !u!4 &467640
Transform:
  m_ObjectHideFlags: 1
  m_PrefabParentObject: {fileID: 0}
  m_PrefabInternal: {fileID: 100100000}
  m_GameObject: {fileID: 195374}
  m_LocalRotation: {x: 0, y: 0, z: 0.7071067, w: 0.7071068}
  m_LocalPosition: {x: 0.0000060526118, y: -0.010997628, z: 0.00000032662592}
  m_LocalScale: {x: 1, y: 1, z: 1}
  m_LocalEulerAnglesHint: {x: 0, y: 0, z: 90}
  m_Children: []
  m_Father: {fileID: 414640}
  m_RootOrder: 2
--- !u!4 &468060
Transform:
  m_ObjectHideFlags: 1
  m_PrefabParentObject: {fileID: 0}
  m_PrefabInternal: {fileID: 100100000}
  m_GameObject: {fileID: 153074}
  m_LocalRotation: {x: 0.45837092, y: -0.46411288, z: 0.5435651, w: 0.5282351}
  m_LocalPosition: {x: -0.002115473, y: 0.00009783337, z: 0.0044110776}
  m_LocalScale: {x: 0.9962837, y: 1.0018635, z: 1.0018634}
  m_LocalEulerAnglesHint: {x: 81.4191, y: 3.0686998, z: 94.279495}
  m_Children:
  - {fileID: 485666}
  m_Father: {fileID: 453074}
  m_RootOrder: 4
--- !u!4 &471584
Transform:
  m_ObjectHideFlags: 1
  m_PrefabParentObject: {fileID: 0}
  m_PrefabInternal: {fileID: 100100000}
  m_GameObject: {fileID: 156102}
  m_LocalRotation: {x: -0.026726237, y: -0.15878117, z: -0.15593621, w: 0.9745554}
  m_LocalPosition: {x: -0.00088469085, y: -0.0006559483, z: 0.010229361}
  m_LocalScale: {x: 0.9999999, y: 1.0000001, z: 1.0000001}
  m_LocalEulerAnglesHint: {x: -5.832, y: -17.620699, z: -17.2767}
  m_Children:
  - {fileID: 409586}
  m_Father: {fileID: 453074}
  m_RootOrder: 0
--- !u!4 &484544
Transform:
  m_ObjectHideFlags: 1
  m_PrefabParentObject: {fileID: 0}
  m_PrefabInternal: {fileID: 100100000}
  m_GameObject: {fileID: 166998}
  m_LocalRotation: {x: 0.15878114, y: 0.02672622, z: 0.9745554, w: -0.15593624}
  m_LocalPosition: {x: 0.00088469085, y: -0.0006559482, z: 0.010229361}
  m_LocalScale: {x: 1.0000004, y: 1.0000004, z: 1.0000001}
  m_LocalEulerAnglesHint: {x: -5.832, y: 17.620699, z: -162.7233}
  m_Children:
  - {fileID: 488102}
  m_Father: {fileID: 453074}
  m_RootOrder: 1
--- !u!4 &485666
Transform:
  m_ObjectHideFlags: 1
  m_PrefabParentObject: {fileID: 0}
  m_PrefabInternal: {fileID: 100100000}
  m_GameObject: {fileID: 130796}
  m_LocalRotation: {x: 0.9678603, y: -0.0006211842, z: 0.25148797, w: -0.00016571402}
  m_LocalPosition: {x: -0.0016791057, y: 1.7753339e-11, z: -7.683411e-11}
  m_LocalScale: {x: 0.9973832, y: 1.0006455, z: 1.0019878}
  m_LocalEulerAnglesHint: {x: -0.00049999997, y: 150.86879, z: -179.9263}
  m_Children:
  - {fileID: 486690}
  m_Father: {fileID: 468060}
  m_RootOrder: 0
--- !u!4 &486690
Transform:
  m_ObjectHideFlags: 1
  m_PrefabParentObject: {fileID: 0}
  m_PrefabInternal: {fileID: 100100000}
  m_GameObject: {fileID: 123742}
  m_LocalRotation: {x: 0.79184586, y: 0.010480533, z: 0.6106228, w: 0.003181869}
  m_LocalPosition: {x: -0.0013516834, y: 3.841706e-11, z: 6.9849196e-12}
  m_LocalScale: {x: 0.997977, y: 0.99749726, z: 1.0045477}
  m_LocalEulerAnglesHint: {x: -0.4446, y: 104.730194, z: 178.8262}
  m_Children:
  - {fileID: 450802}
  m_Father: {fileID: 485666}
  m_RootOrder: 0
--- !u!4 &487602
Transform:
  m_ObjectHideFlags: 1
  m_PrefabParentObject: {fileID: 0}
  m_PrefabInternal: {fileID: 100100000}
  m_GameObject: {fileID: 172022}
  m_LocalRotation: {x: 0.000000016122442, y: 0.2581602, z: 9.937896e-10, w: 0.9661021}
  m_LocalPosition: {x: -0.002088619, y: -1.2107192e-10, z: 1.3038516e-10}
  m_LocalScale: {x: 0.99999976, y: 1, z: 0.99999976}
  m_LocalEulerAnglesHint: {x: 0, y: 29.921799, z: 0}
  m_Children:
  - {fileID: 441686}
  m_Father: {fileID: 488102}
  m_RootOrder: 0
--- !u!4 &487778
Transform:
  m_ObjectHideFlags: 1
  m_PrefabParentObject: {fileID: 0}
  m_PrefabInternal: {fileID: 100100000}
  m_GameObject: {fileID: 191184}
  m_LocalRotation: {x: 0.00000003992077, y: 0.009146028, z: 0.0000000070928583, w: 0.9999582}
  m_LocalPosition: {x: -0.0021547873, y: 1.6268199e-10, z: 9.31328e-12}
  m_LocalScale: {x: 1.0000002, y: 1.0009938, z: 1.001008}
  m_LocalEulerAnglesHint: {x: 0, y: 1.0481, z: 0}
  m_Children:
  - {fileID: 413362}
  m_Father: {fileID: 448826}
  m_RootOrder: 0
--- !u!4 &488102
Transform:
  m_ObjectHideFlags: 1
  m_PrefabParentObject: {fileID: 0}
  m_PrefabInternal: {fileID: 100100000}
  m_GameObject: {fileID: 122982}
  m_LocalRotation: {x: 0.7204827, y: 0.35189003, z: 0.35343614, w: -0.48183084}
  m_LocalPosition: {x: -0.003338502, y: 1.5599652e-10, z: -9.2899427e-10}
  m_LocalScale: {x: 0.9999998, y: 0.9999998, z: 0.99999964}
  m_LocalEulerAnglesHint: {x: -70.569, y: 149.2312, z: 149.9736}
  m_Children:
  - {fileID: 487602}
  m_Father: {fileID: 484544}
  m_RootOrder: 0
--- !u!95 &9557920
Animator:
  serializedVersion: 3
  m_ObjectHideFlags: 1
  m_PrefabParentObject: {fileID: 0}
  m_PrefabInternal: {fileID: 100100000}
  m_GameObject: {fileID: 156230}
  m_Enabled: 1
  m_Avatar: {fileID: 9000000, guid: 64fb0979fe007b942a04df3b14689b0e, type: 3}
  m_Controller: {fileID: 0}
  m_CullingMode: 1
  m_UpdateMode: 0
  m_ApplyRootMotion: 0
  m_LinearVelocityBlending: 0
  m_WarningMessage: 
  m_HasTransformHierarchy: 1
  m_AllowConstantClipSamplingOptimization: 1
--- !u!137 &13709736
SkinnedMeshRenderer:
  m_ObjectHideFlags: 1
  m_PrefabParentObject: {fileID: 0}
  m_PrefabInternal: {fileID: 100100000}
  m_GameObject: {fileID: 100320}
  m_Enabled: 1
  m_CastShadows: 1
  m_ReceiveShadows: 1
  m_Materials:
  - {fileID: 2100000, guid: 80ebf81ebc666264ab3423d2f9a8bd1f, type: 2}
  - {fileID: 2100000, guid: 4898e5c57a099b0469301fae38a81dc4, type: 2}
  m_SubsetIndices: 
  m_StaticBatchRoot: {fileID: 0}
  m_UseLightProbes: 1
  m_ReflectionProbeUsage: 1
  m_ProbeAnchor: {fileID: 0}
  m_ScaleInLightmap: 1
  m_PreserveUVs: 0
  m_IgnoreNormalsForChartDetection: 0
  m_ImportantGI: 0
  m_MinimumChartSize: 4
  m_AutoUVMaxDistance: 0.5
  m_AutoUVMaxAngle: 89
  m_LightmapParameters: {fileID: 0}
  m_SortingLayerID: 0
  m_SortingOrder: 0
  serializedVersion: 2
  m_Quality: 0
  m_UpdateWhenOffscreen: 0
  m_Mesh: {fileID: 4300000, guid: 64fb0979fe007b942a04df3b14689b0e, type: 3}
  m_Bones:
  - {fileID: 461506}
  - {fileID: 451642}
  - {fileID: 448826}
  - {fileID: 487778}
  - {fileID: 413362}
  - {fileID: 468060}
  - {fileID: 485666}
  - {fileID: 486690}
  - {fileID: 450802}
  - {fileID: 471584}
  - {fileID: 409586}
  - {fileID: 410364}
  - {fileID: 443130}
  - {fileID: 433140}
  - {fileID: 418828}
  - {fileID: 401038}
  - {fileID: 442050}
  - {fileID: 484544}
  - {fileID: 488102}
  - {fileID: 487602}
  - {fileID: 441686}
  m_BlendShapeWeights: []
  m_RootBone: {fileID: 484544}
  m_AABB:
    m_Center: {x: -0.000072420575, y: -0.0013645913, z: -0.0016579246}
    m_Extent: {x: 0.011462147, y: 0.0077763256, z: 0.010532817}
  m_DirtyAABB: 0
--- !u!137 &13755098
SkinnedMeshRenderer:
  m_ObjectHideFlags: 1
  m_PrefabParentObject: {fileID: 0}
  m_PrefabInternal: {fileID: 100100000}
  m_GameObject: {fileID: 195374}
  m_Enabled: 1
  m_CastShadows: 1
  m_ReceiveShadows: 1
  m_Materials:
  - {fileID: 2100000, guid: 2bf8dac668af0574aa36678f06118fdd, type: 2}
  m_SubsetIndices: 
  m_StaticBatchRoot: {fileID: 0}
  m_UseLightProbes: 1
  m_ReflectionProbeUsage: 1
  m_ProbeAnchor: {fileID: 0}
  m_ScaleInLightmap: 1
  m_PreserveUVs: 0
  m_IgnoreNormalsForChartDetection: 0
  m_ImportantGI: 0
  m_MinimumChartSize: 4
  m_AutoUVMaxDistance: 0.5
  m_AutoUVMaxAngle: 89
  m_LightmapParameters: {fileID: 0}
  m_SortingLayerID: 0
  m_SortingOrder: 0
  serializedVersion: 2
  m_Quality: 0
  m_UpdateWhenOffscreen: 0
  m_Mesh: {fileID: 4300002, guid: 64fb0979fe007b942a04df3b14689b0e, type: 3}
  m_Bones:
  - {fileID: 461506}
  - {fileID: 451642}
  - {fileID: 448826}
  - {fileID: 487778}
  - {fileID: 413362}
  - {fileID: 468060}
  - {fileID: 485666}
  - {fileID: 486690}
  - {fileID: 450802}
  - {fileID: 471584}
  - {fileID: 409586}
  - {fileID: 410364}
  - {fileID: 443130}
  - {fileID: 433140}
  - {fileID: 418828}
  - {fileID: 401038}
  - {fileID: 442050}
  - {fileID: 484544}
  - {fileID: 488102}
  - {fileID: 487602}
  - {fileID: 441686}
  m_BlendShapeWeights: []
  m_RootBone: {fileID: 484544}
  m_AABB:
    m_Center: {x: 0.0027785618, y: 0.010674829, z: -0.004949481}
    m_Extent: {x: 0.003807568, y: 0.0055757053, z: 0.0083075855}
  m_DirtyAABB: 0
--- !u!1001 &100100000
Prefab:
  m_ObjectHideFlags: 1
  serializedVersion: 2
  m_Modification:
    m_TransformParent: {fileID: 0}
    m_Modifications: []
    m_RemovedComponents: []
  m_ParentPrefab: {fileID: 0}
  m_RootGameObject: {fileID: 156230}
  m_IsPrefabParent: 1
